
%
%  $Description: Sample bibliography$ 
% 
%  $Author: ienne $ 
%  $Date: 1995/09/15 15:19:53 $
%  $Revision: 1.3 $
%

@misc{wikipedia,
   author = "Wikipedia",
   title = "{Paxos (computer science)} --- {W}ikipedia{,} The Free Encyclopedia",
   year = "2023",
   howpublished = {\url{http://en.wikipedia.org/w/index.php?title=Paxos\%20(computer\%20science)&oldid=1170236310}},
   note = "[Online; accessed 28-October-2023]"
 }
